<record><leader>00000cas a2200000 a 4500</leader><controlfield tag="001">12607613</controlfield><controlfield tag="008">850927d19681969ksuwr ne      0    0eng d</controlfield><datafield ind1=" " ind2=" " tag="010"><subfield code="a">sn 85032492 </subfield></datafield><datafield ind1=" " ind2=" " tag="040"><subfield code="a">KSH</subfield><subfield code="b">eng</subfield><subfield code="c">KSH</subfield><subfield code="d">NPT</subfield><subfield code="d">OCL</subfield><subfield code="d">OCLCQ</subfield></datafield><datafield ind1=" " ind2=" " tag="042"><subfield code="a">msc</subfield></datafield><datafield ind1="0" ind2="0" tag="245"><subfield code="a">Democrat &amp; daily record.</subfield></datafield><datafield ind1="3" ind2="0" tag="246"><subfield code="a">Democrat and daily record</subfield></datafield><datafield ind1=" " ind2=" " tag="260"><subfield code="a">Wichita, Kan. :</subfield><subfield code="b">Jerry and Nancy Harper,</subfield><subfield code="c">1968-1969.</subfield></datafield><datafield ind1=" " ind2=" " tag="300"><subfield code="a">2 v. :</subfield><subfield code="b">ill. ;</subfield><subfield code="c">55 cm.</subfield></datafield><datafield ind1=" " ind2=" " tag="310"><subfield code="a">Weekly</subfield></datafield><datafield ind1="0" ind2=" " tag="362"><subfield code="a">Vol. 85, no. 22 (June 1, 1968)-v. 86, no. 52 (Dec. 27, 1969).</subfield></datafield><datafield ind1=" " ind2=" " tag="752"><subfield code="a">United States</subfield><subfield code="b">Kansas</subfield><subfield code="c">Sedgwick</subfield><subfield code="d">Wichita.</subfield></datafield><datafield ind1="0" ind2="0" tag="780"><subfield code="t">Democrat (Wichita, Kan. : 1899)</subfield><subfield code="w">(DLC)sn 85032491</subfield></datafield><datafield ind1="0" ind2="0" tag="785"><subfield code="t">Harper's Wichita journal</subfield><subfield code="w">(DLC)sn 85032493</subfield></datafield><datafield ind1="1" ind2=" " tag="029"><subfield code="a">AU@</subfield><subfield code="b">000022165896</subfield></datafield></record>